@article{namiot2014micro,
  title={On micro-services architecture},
  author={Namiot, Dmitry and Sneps-Sneppe, Manfred},
  journal={International Journal of Open Information Technologies},
  volume={2},
  number={9},
  year={2014},
  publisher={Лаборатория Открытых Информационных Технологий факультета ВМК МГУ им. МВ Ломоносова}
}

@article{thones2015microservices,
  title={Microservices},
  author={Th{\"o}nes, Johannes},
  journal={IEEE Software},
  volume={32},
  number={1},
  pages={116--116},
  year={2015},
  publisher={IEEE}
}

@book{abbott2009art,
  title={The art of scalability: Scalable web architecture, processes, and organizations for the modern enterprise},
  author={Abbott, Martin L and Fisher, Michael T},
  year={2009},
  publisher={Pearson Education}
}

@article{fowler2014microservices,
  title={Microservices},
  author={Fowler, Martin and Lewis, James},
  journal={Viittattu},
  volume={28},
  pages={2015},
  year={2014}
}

@misc{owen2016three,
 author = {Owen Garrett},
 title = {Three keys to successful microservices},  
 howpublished = "\url{http://www.infoworld.com/article/2936148/application-development/three-keys-to-successful-microservices.html}",
}

@book{newman2015building,
  title={Building Microservices},
  author={Newman, Sam},
  year={2015},
  publisher={" O'Reilly Media, Inc."}
}

@inproceedings{schermann2015all,
  title={All the Services Large and Micro: Revisiting Industrial Practice in Services Computing},
  author={Schermann, Gerald and Cito, J{\"u}rgen and Leitner, Philipp},
  booktitle={International Conference on Service-Oriented Computing},
  pages={36--47},
  year={2015},
  organization={Springer}
}

@misc{ulrich2016business,
 author = {Ulrich Kalex},
 title = {Business Capability Management:
Your Key to the Business Board Room},  
 howpublished = "\url{http://www.opengroup.org/johannesburg2011/Ulrich\%20Kalex\%20-\%20Business\%20Capability\%20Management.pdf}",
}

@inproceedings{Hasselbring2016,
author = {Hasselbring, Wilhelm},
booktitle = {Proceedings of the 7th ACM/SPEC on International Conference on Performance Engineering - ICPE '16},
doi = {10.1145/2851553.2858659},
file = {:G$\backslash$:/New folder/microservies/new for adc/p133-hasselbring.pdf:pdf},
isbn = {9781450340809},
keywords = {microservices,monitoring,scalability},
pages = {133--134},
title = {{Microservices for Scalability}},
url = {http://dl.acm.org/citation.cfm?id=2851553.2858659},
year = {2016}
}

@article{Le2014,
author = {Le, Vinh D and Neff, Melanie M and Stewart, Royal V and Kelley, Richard and Fritzinger, Eric and Dascalu, Sergiu M and Harris, Frederick C and Microservice, Keywords},
file = {:C$\backslash$:/Users/User/AppData/Local/Mendeley Ltd./Mendeley Desktop/Downloaded/Le et al. - 2014 - Microservice-based Architecture for the NRDC.pdf:pdf},
journal = {IEEE},
keywords = {Advanced Industrial Software Technology - Applicat,microservice},
title = {{Microservice-based Architecture for the NRDC}},
year = {2014}
}

@inproceedings{Villamizar2016,
author = {Villamizar, Mario and Garces, Oscar and Ochoa, Lina and Castro, Harold and Salamanca, Lorena and Verano, Mauricio and Casallas, Rubby and Gil, Santiago and Valencia, Carlos and Zambrano, Angee and Lang, Mery},
booktitle = {Proceedings - 2016 16th IEEE/ACM International Symposium on Cluster, Cloud, and Grid Computing, CCGrid 2016},
doi = {10.1109/CCGrid.2016.37},
file = {:G$\backslash$:/New folder/microservies/definition/new 1016/07515686.pdf:pdf},
isbn = {9781509024520},
keywords = {AWS Lambda,Amazon Web Services,cloud computing,microservice architecture,microservices,scalable applications,service oriented architectures,software architecture,software engineering},
pages = {179--182},
title = {{Infrastructure Cost Comparison of Running Web Applications in the Cloud Using AWS Lambda and Monolithic and Microservice Architectures}},
year = {2016}
}

@article{Thones2015,
author = {Th{\"{o}}nes, Johannes},
file = {:C$\backslash$:/Users/User/Dropbox/joselyn-phd/microservices.pdf:pdf},
journal = {Software Engineering},
title = {{Microservices}},
year = {2015}
}

@book{Newman2015,
author = {Newman, Sam},
edition = {Preview Ed},
file = {:C$\backslash$:/Users/User/AppData/Local/Mendeley Ltd./Mendeley Desktop/Downloaded/Newman - 2015 - Building Microservices.pdf:pdf},
isbn = {9781491950357},
pages = {120},
publisher = {O'Reilly},
title = {{Building Microservices}},
year = {2015}
}